<record xmlns="http://www.loc.gov/MARC21/slim" xmlns:xsi="http://www.w3.org/2001/XMLSchema-instance" xsi:schemaLocation="http://www.loc.gov/MARC21/slim http://www.loc.gov/standards/marcxml/schema/MARC21slim.xsd"><leader>     nam a22        4500</leader><controlfield tag="001">3171577</controlfield><controlfield tag="003">NNC</controlfield><controlfield tag="006">m        d        </controlfield><controlfield tag="007">cr cn |||m|||a</controlfield><controlfield tag="008">150313s1931    ua      o     000 0 ara d</controlfield><datafield ind1=" " ind2=" " tag="040"><subfield code="a">NNU</subfield><subfield code="b">eng</subfield><subfield code="e">rda</subfield><subfield code="c">NNU</subfield></datafield><datafield ind1="1" ind2=" " tag="100"><subfield code="6">880-01</subfield><subfield code="a">&#699;Afi&#772;fi&#772;, al-Sayyid.</subfield></datafield><datafield ind1="1" ind2="0" tag="245"><subfield code="6">880-02</subfield><subfield code="a">H&#803;aya&#772;t al-ima&#772;m Abi&#772; H&#803;ani&#772;fah, biqalam ... /</subfield><subfield code="c">al-usta&#772;dh al-Sayyid &#699;Afi&#772;fi&#772; (muh&#803;arrir Majallat al-Muh&#803;a&#772;ma&#772;t al-shar&#699;i&#772;yah).</subfield></datafield><datafield ind1=" " ind2=" " tag="260"><subfield code="6">880-03</subfield><subfield code="a">al-Qa&#772;hirah :</subfield><subfield code="b">al-Mat&#803;ba&#699;ah al-Salafi&#772;yah wa-Maktabatuha&#772;,</subfield><subfield code="c">1350 [1931]</subfield></datafield><datafield ind1=" " ind2=" " tag="300"><subfield code="a">online resource (236 pages)</subfield></datafield><datafield ind1=" " ind2=" " tag="336"><subfield code="a">text</subfield><subfield code="2">rdacontent</subfield></datafield><datafield ind1=" " ind2=" " tag="337"><subfield code="a">computer</subfield><subfield code="2">rdamedia</subfield></datafield><datafield ind1=" " ind2=" " tag="338"><subfield code="a">online resource</subfield><subfield code="2">rdacarrier</subfield></datafield><datafield ind1=" " ind2=" " tag="500"><subfield code="a">Preface signed: Muh&#803;ibb-al-Di&#772;n al-Khat&#803;i&#772;b.</subfield></datafield><datafield ind1=" " ind2=" " tag="500"><subfield code="a">Part of the Arabic Collections Online (ACO) project, contributed by Columbia University Libraries.</subfield></datafield><datafield ind1=" " ind2=" " tag="533"><subfield code="a">Electronic reproduction.</subfield><subfield code="b">New York, N.Y. :</subfield><subfield code="c">New York University,</subfield><subfield code="d">2015.</subfield><subfield code="5">NNU</subfield></datafield><datafield ind1="0" ind2="0" tag="600"><subfield code="a">Abu&#772; H&#803;ani&#772;fah,</subfield><subfield code="d">-767 or 768.</subfield></datafield><datafield ind1="0" ind2="7" tag="600"><subfield code="a">Abu&#772; H&#803;ani&#772;fah,</subfield><subfield code="d">-767 or 768.</subfield><subfield code="2">fast</subfield><subfield code="0">(OCoLC)fst01803236</subfield></datafield><datafield ind1="2" ind2=" " tag="710"><subfield code="a">Columbia University.</subfield><subfield code="b">Libraries.</subfield></datafield><datafield ind1="0" ind2=" " tag="730"><subfield code="a">Arabic Collections Online.</subfield></datafield><datafield ind1="0" ind2="8" tag="776"><subfield code="i">Print version:</subfield><subfield code="a">&#699;Afi&#772;fi&#772;, al-Sayyid.</subfield><subfield code="t">H&#803;aya&#772;t al-ima&#772;m Abi&#772; H&#803;ani&#772;fah, biqalam</subfield><subfield code="w">(NNC)3171577</subfield><subfield code="w">(OCoLC)48822424</subfield></datafield><datafield ind1="4" ind2="0" tag="856"><subfield code="u">http://hdl.handle.net/2333.1/9w0vt6q0</subfield></datafield><datafield ind1="1" ind2=" " tag="880"><subfield code="6">100-01/r</subfield><subfield code="a">&#1593;&#1601;&#1610;&#1601;&#1610;&#1548; &#1575;&#1604;&#1587;&#1610;&#1583;.</subfield></datafield><datafield ind1="1" ind2="0" tag="880"><subfield code="6">245-02/r</subfield><subfield code="a">&#1581;&#1610;&#1575;&#1577; &#1575;&#1604;&#1575;&#1605;&#1575;&#1605; &#1649;&#1604;&#1610; &#1581;&#1606;&#1610;&#1601;&#1577;&#1548; &#1576;&#1602;&#1604;&#1605; ... /</subfield><subfield code="c">&#1575;&#1604;&#1575;&#1587;&#1578;&#1575;&#1584; &#1575;&#1604;&#1587;&#1610;&#1583; &#1593;&#1601;&#1610;&#1601;&#1610; [&#1605;&#1581;&#1585;&#1585; &#1605;&#1580;&#1604;&#1577; &#1575;&#1604;&#1605;&#1581;&#1575;&#1605;&#1575;&#1578; &#1575;&#1604;&#1588;&#1585;&#1593;&#1610;&#1577;].</subfield></datafield><datafield ind1=" " ind2=" " tag="880"><subfield code="6">260-03/r</subfield><subfield code="a">&#1575;&#1604;&#1602;&#1575;&#1607;&#1585;&#1577; :</subfield><subfield code="b">&#1575;&#1604;&#1605;&#1591;&#1576;&#1593;&#1577; &#1575;&#1604;&#1587;&#1604;&#1601;&#1610;&#1577; &#1608; &#1605;&#1603;&#1578;&#1576;&#1578;&#1607;&#1575;&#1548;</subfield><subfield code="c">1350 [1931]</subfield></datafield><datafield ind1=" " ind2=" " tag="959"><subfield code="a">NNU</subfield><subfield code="b">WEB</subfield><subfield code="c">GENI</subfield><subfield code="t">0</subfield><subfield code="m">Electronic access</subfield><subfield code="s">01</subfield></datafield><datafield ind1=" " ind2=" " tag="999"><subfield code="i">NNC_3171577</subfield><subfield code="o">(OCoLC)ocm48822424 </subfield><subfield code="s">columbia_aco000407</subfield></datafield></record>